@article{wallace_immunopathology_2014,
	title = {Immunopathology of inflammatory bowel disease},
	volume = {20},
	issn = {1007-9327},
	doi = {10.3748/wjg.v20.i1.6},
	language = {en},
	number = {1},
	urldate = {2020-04-08},
	journal = {World Journal of Gastroenterology},
	author = {Wallace, Kori L},
	year = {2014},
	pages = {6},
	file = {Wallace - 2014 - Immunopathology of inflammatory bowel disease.pdf:/Users/claudionovellarausell/Zotero/storage/PMTQRY3S/Wallace - 2014 - Immunopathology of inflammatory bowel disease.pdf:application/pdf}
}



